<record><leader>00000cas a2200000 a 4500</leader><controlfield tag="001">12574311</controlfield><controlfield tag="008">850919c19779999ksuwr ne      0    0eng d</controlfield><datafield ind1=" " ind2=" " tag="010"><subfield code="a">sn 85030786 </subfield></datafield><datafield ind1=" " ind2=" " tag="040"><subfield code="a">KSH</subfield><subfield code="b">eng</subfield><subfield code="c">KSH</subfield><subfield code="d">NPT</subfield><subfield code="d">OCL</subfield><subfield code="d">OCLCQ</subfield></datafield><datafield ind1=" " ind2=" " tag="042"><subfield code="a">msc</subfield></datafield><datafield ind1="0" ind2="4" tag="245"><subfield code="a">The West Sedgwick County news-sentinel.</subfield></datafield><datafield ind1=" " ind2=" " tag="260"><subfield code="a">Goddard, Kan. :</subfield><subfield code="b">Hoover W. Cott,</subfield><subfield code="c">1977-</subfield></datafield><datafield ind1=" " ind2=" " tag="300"><subfield code="a">v. :</subfield><subfield code="b">ill. ;</subfield><subfield code="c">57 cm.</subfield></datafield><datafield ind1=" " ind2=" " tag="310"><subfield code="a">Weekly</subfield></datafield><datafield ind1="0" ind2=" " tag="362"><subfield code="a">No. 9 [i.e. vol. 8, no. 33] (Mar. 3, 1977)-</subfield></datafield><datafield ind1=" " ind2=" " tag="500"><subfield code="a">Published by Wm. Sam Clester, Aug. 2, 1979-</subfield></datafield><datafield ind1=" " ind2=" " tag="515"><subfield code="a">Numbering is irregular.</subfield></datafield><datafield ind1=" " ind2=" " tag="752"><subfield code="a">United States</subfield><subfield code="b">Kansas</subfield><subfield code="c">Sedgwick</subfield><subfield code="d">Goddard.</subfield></datafield><datafield ind1="0" ind2="4" tag="780"><subfield code="t">West Sedgwick County news</subfield><subfield code="w">(DLC)sn 85030785</subfield></datafield><datafield ind1="0" ind2="4" tag="780"><subfield code="t">Goddard sentinel</subfield><subfield code="w">(DLC)sn 85030784</subfield></datafield><datafield ind1="1" ind2=" " tag="029"><subfield code="a">AU@</subfield><subfield code="b">000022172942</subfield></datafield></record>